<?xml version="1.0" encoding="UTF-8"?><record xmlns="http://www.loc.gov/MARC21/slim" xmlns:cinclude="http://apache.org/cocoon/include/1.0" xmlns:zs="http://www.loc.gov/zing/srw/">
  <leader>00394nz  a2200133n  4500</leader>
  <controlfield tag="001">no2003033735</controlfield>
  <controlfield tag="003">DLC</controlfield>
  <controlfield tag="005">20030405071035.0</controlfield>
  <controlfield tag="008">030404n| acannaabn          |n aaa     c</controlfield>
  <datafield tag="010" ind1=" " ind2=" ">
    <subfield code="a">no2003033735</subfield>
  </datafield>
  <datafield tag="035" ind1=" " ind2=" ">
    <subfield code="a">(OCoLC)oca06017092</subfield>
  </datafield>
  <datafield tag="040" ind1=" " ind2=" ">
    <subfield code="a">NNC</subfield>
    <subfield code="b">eng</subfield>
    <subfield code="c">NNC</subfield>
  </datafield>
  <datafield tag="100" ind1="1" ind2=" ">
    <subfield code="a">Wolthusen, Stephen D.</subfield>
  </datafield>
  <datafield tag="670" ind1=" " ind2=" ">
    <subfield code="a">First IEEE International Workshop on Information Assurance, c2003:</subfield>
    <subfield code="b">cover (Stephen D. Wolthusen)</subfield>
  </datafield>
</record>